@book{citation-key,
    author = author,
    title = book,
    publisher = publisher,
    year = 2019
}